%YAML 1.1
%TAG !u! tag:unity3d.com,2011:
--- !u!1 &2529861023811881307
GameObject:
  m_ObjectHideFlags: 0
  m_CorrespondingSourceObject: {fileID: 0}
  m_PrefabInstance: {fileID: 0}
  m_PrefabAsset: {fileID: 0}
  serializedVersion: 6
  m_Component:
  - component: {fileID: 49314585294846577}
  - component: {fileID: 6890792596751989477}
  - component: {fileID: 8000643182041611318}
  - component: {fileID: 8057445169957591228}
  - component: {fileID: 2438142730923835920}
  m_Layer: 0
  m_Name: dolhareub_knife
  m_TagString: Untagged
  m_Icon: {fileID: 0}
  m_NavMeshLayer: 0
  m_StaticEditorFlags: 0
  m_IsActive: 1
--- !u!4 &49314585294846577
Transform:
  m_ObjectHideFlags: 0
  m_CorrespondingSourceObject: {fileID: 0}
  m_PrefabInstance: {fileID: 0}
  m_PrefabAsset: {fileID: 0}
  m_GameObject: {fileID: 2529861023811881307}
  m_LocalRotation: {x: 0, y: 0, z: 0, w: 1}
  m_LocalPosition: {x: 70.56975, y: 32.343132, z: 0}
  m_LocalScale: {x: 1, y: 1, z: 1}
  m_Children: []
  m_Father: {fileID: 0}
  m_RootOrder: 0
  m_LocalEulerAnglesHint: {x: 0, y: 0, z: 0}
--- !u!212 &6890792596751989477
SpriteRenderer:
  m_ObjectHideFlags: 0
  m_CorrespondingSourceObject: {fileID: 0}
  m_PrefabInstance: {fileID: 0}
  m_PrefabAsset: {fileID: 0}
  m_GameObject: {fileID: 2529861023811881307}
  m_Enabled: 1
  m_CastShadows: 0
  m_ReceiveShadows: 0
  m_DynamicOccludee: 1
  m_StaticShadowCaster: 0
  m_MotionVectors: 1
  m_LightProbeUsage: 1
  m_ReflectionProbeUsage: 1
  m_RayTracingMode: 0
  m_RayTraceProcedural: 0
  m_RenderingLayerMask: 1
  m_RendererPriority: 0
  m_Materials:
  - {fileID: 2100000, guid: a97c105638bdf8b4a8650670310a4cd3, type: 2}
  m_StaticBatchInfo:
    firstSubMesh: 0
    subMeshCount: 0
  m_StaticBatchRoot: {fileID: 0}
  m_ProbeAnchor: {fileID: 0}
  m_LightProbeVolumeOverride: {fileID: 0}
  m_ScaleInLightmap: 1
  m_ReceiveGI: 1
  m_PreserveUVs: 0
  m_IgnoreNormalsForChartDetection: 0
  m_ImportantGI: 0
  m_StitchLightmapSeams: 1
  m_SelectedEditorRenderState: 0
  m_MinimumChartSize: 4
  m_AutoUVMaxDistance: 0.5
  m_AutoUVMaxAngle: 89
  m_LightmapParameters: {fileID: 0}
  m_SortingLayerID: 397478687
  m_SortingLayer: 1
  m_SortingOrder: 0
  m_Sprite: {fileID: 1495073395861944759, guid: 83f5616116c819e428d5d8f161f6ed13, type: 3}
  m_Color: {r: 1, g: 1, b: 1, a: 1}
  m_FlipX: 0
  m_FlipY: 0
  m_DrawMode: 0
  m_Size: {x: 0.8333333, y: 0.16666667}
  m_AdaptiveModeThreshold: 0.5
  m_SpriteTileMode: 0
  m_WasSpriteAssigned: 1
  m_MaskInteraction: 0
  m_SpriteSortPoint: 0
--- !u!61 &8000643182041611318
BoxCollider2D:
  m_ObjectHideFlags: 0
  m_CorrespondingSourceObject: {fileID: 0}
  m_PrefabInstance: {fileID: 0}
  m_PrefabAsset: {fileID: 0}
  m_GameObject: {fileID: 2529861023811881307}
  m_Enabled: 1
  m_Density: 1
  m_Material: {fileID: 0}
  m_IsTrigger: 0
  m_UsedByEffector: 0
  m_UsedByComposite: 0
  m_Offset: {x: 0, y: 0}
  m_SpriteTilingProperty:
    border: {x: 0, y: 0, z: 0, w: 0}
    pivot: {x: 0.5, y: 0.5}
    oldSize: {x: 1.1111112, y: 0.22222222}
    newSize: {x: 0.8333333, y: 0.16666667}
    adaptiveTilingThreshold: 0.5
    drawMode: 0
    adaptiveTiling: 0
  m_AutoTiling: 0
  serializedVersion: 2
  m_Size: {x: 1.1111112, y: 0.22222222}
  m_EdgeRadius: 0
--- !u!114 &8057445169957591228
MonoBehaviour:
  m_ObjectHideFlags: 0
  m_CorrespondingSourceObject: {fileID: 0}
  m_PrefabInstance: {fileID: 0}
  m_PrefabAsset: {fileID: 0}
  m_GameObject: {fileID: 2529861023811881307}
  m_Enabled: 1
  m_EditorHideFlags: 0
  m_Script: {fileID: 11500000, guid: d02a6eff6e36059499cfd7449ae492b0, type: 3}
  m_Name: 
  m_EditorClassIdentifier: 
  collsions:
    serializedVersion: 2
    m_Bits: 8
  playerAttackMask:
    serializedVersion: 2
    m_Bits: 64
  ownerLayer: 0
  characterHitEffect: {fileID: 5878877606142065175, guid: 67dbc7ceee8d11541b110d12e55b1d53, type: 3}
  wallHitEffect: {fileID: 3549911537377288188, guid: 1c0f68ff73956fb4e90962eeda7c723f, type: 3}
  parryingEffect: {fileID: 615732442022493716, guid: 48372834a72596645a2b6a1cf420c47b, type: 3}
  fireEffect: {fileID: 7125644787329252561, guid: 90e8a752b38eddc4a8c13015a99c22f6, type: 3}
  trailEffect: {fileID: 8382225825507543334, guid: 96b8610ebb158704abc2bca57a51fd34, type: 3}
  buffs: []
--- !u!114 &2438142730923835920
MonoBehaviour:
  m_ObjectHideFlags: 0
  m_CorrespondingSourceObject: {fileID: 0}
  m_PrefabInstance: {fileID: 0}
  m_PrefabAsset: {fileID: 0}
  m_GameObject: {fileID: 2529861023811881307}
  m_Enabled: 1
  m_EditorHideFlags: 0
  m_Script: {fileID: 11500000, guid: 0be019126e1523a49b1a35b155423c77, type: 3}
  m_Name: 
  m_EditorClassIdentifier: 
  interval: 0.1
  lifetime: 0.2
  effectColor: {r: 0.745283, g: 0.745283, b: 0.745283, a: 1}
