%YAML 1.1
%TAG !u! tag:unity3d.com,2011:
--- !u!1 &7169821573170801254
GameObject:
  m_ObjectHideFlags: 0
  m_CorrespondingSourceObject: {fileID: 0}
  m_PrefabInstance: {fileID: 0}
  m_PrefabAsset: {fileID: 0}
  serializedVersion: 6
  m_Component:
  - component: {fileID: 7169821573170801255}
  - component: {fileID: 7169821573170801252}
  - component: {fileID: 2187778126143535394}
  m_Layer: 0
  m_Name: SlashTrail
  m_TagString: Untagged
  m_Icon: {fileID: 0}
  m_NavMeshLayer: 0
  m_StaticEditorFlags: 0
  m_IsActive: 1
--- !u!4 &7169821573170801255
Transform:
  m_ObjectHideFlags: 0
  m_CorrespondingSourceObject: {fileID: 0}
  m_PrefabInstance: {fileID: 0}
  m_PrefabAsset: {fileID: 0}
  m_GameObject: {fileID: 7169821573170801254}
  m_LocalRotation: {x: -0, y: -0, z: -0, w: 1}
  m_LocalPosition: {x: -5.55, y: -0.232, z: 0}
  m_LocalScale: {x: 1, y: 1, z: 1}
  m_Children:
  - {fileID: 8187793071876097858}
  - {fileID: 5702109392540620850}
  - {fileID: 8561193518426494666}
  m_Father: {fileID: 0}
  m_RootOrder: 0
  m_LocalEulerAnglesHint: {x: 0, y: 0, z: 0}
--- !u!96 &7169821573170801252
TrailRenderer:
  serializedVersion: 2
  m_ObjectHideFlags: 0
  m_CorrespondingSourceObject: {fileID: 0}
  m_PrefabInstance: {fileID: 0}
  m_PrefabAsset: {fileID: 0}
  m_GameObject: {fileID: 7169821573170801254}
  m_Enabled: 1
  m_CastShadows: 1
  m_ReceiveShadows: 1
  m_DynamicOccludee: 1
  m_StaticShadowCaster: 0
  m_MotionVectors: 0
  m_LightProbeUsage: 0
  m_ReflectionProbeUsage: 0
  m_RayTracingMode: 0
  m_RayTraceProcedural: 0
  m_RenderingLayerMask: 1
  m_RendererPriority: 0
  m_Materials:
  - {fileID: 2100000, guid: b1e799f13477f1f48aaddebb6f3f4669, type: 2}
  m_StaticBatchInfo:
    firstSubMesh: 0
    subMeshCount: 0
  m_StaticBatchRoot: {fileID: 0}
  m_ProbeAnchor: {fileID: 0}
  m_LightProbeVolumeOverride: {fileID: 0}
  m_ScaleInLightmap: 1
  m_ReceiveGI: 1
  m_PreserveUVs: 0
  m_IgnoreNormalsForChartDetection: 0
  m_ImportantGI: 0
  m_StitchLightmapSeams: 1
  m_SelectedEditorRenderState: 3
  m_MinimumChartSize: 4
  m_AutoUVMaxDistance: 0.5
  m_AutoUVMaxAngle: 89
  m_LightmapParameters: {fileID: 0}
  m_SortingLayerID: -2075221623
  m_SortingLayer: 8
  m_SortingOrder: 0
  m_Time: 0.6
  m_Parameters:
    serializedVersion: 3
    widthMultiplier: 1
    widthCurve:
      serializedVersion: 2
      m_Curve:
      - serializedVersion: 3
        time: 0
        value: 0
        inSlope: 0.28825134
        outSlope: 0.28825134
        tangentMode: 34
        weightedMode: 0
        inWeight: 0.33333334
        outWeight: 0.33333334
      - serializedVersion: 3
        time: 0.50067663
        value: 0.14432071
        inSlope: 0
        outSlope: 0
        tangentMode: 0
        weightedMode: 0
        inWeight: 0.33333334
        outWeight: 0.33333334
      - serializedVersion: 3
        time: 1
        value: 0
        inSlope: -0.28903255
        outSlope: -0.28903255
        tangentMode: 34
        weightedMode: 0
        inWeight: 0.33333334
        outWeight: 0
      m_PreInfinity: 2
      m_PostInfinity: 2
      m_RotationOrder: 4
    colorGradient:
      serializedVersion: 2
      key0: {r: 1, g: 1, b: 1, a: 1}
      key1: {r: 1, g: 0.82452834, b: 0.82452834, a: 1}
      key2: {r: 0, g: 0, b: 0, a: 0}
      key3: {r: 0, g: 0, b: 0, a: 0}
      key4: {r: 0, g: 0, b: 0, a: 0}
      key5: {r: 0, g: 0, b: 0, a: 0}
      key6: {r: 0, g: 0, b: 0, a: 0}
      key7: {r: 0, g: 0, b: 0, a: 0}
      ctime0: 0
      ctime1: 65535
      ctime2: 0
      ctime3: 0
      ctime4: 0
      ctime5: 0
      ctime6: 0
      ctime7: 0
      atime0: 0
      atime1: 65535
      atime2: 0
      atime3: 0
      atime4: 0
      atime5: 0
      atime6: 0
      atime7: 0
      m_Mode: 1
      m_NumColorKeys: 2
      m_NumAlphaKeys: 2
    numCornerVertices: 0
    numCapVertices: 0
    alignment: 0
    textureMode: 0
    shadowBias: 0.5
    generateLightingData: 0
  m_MinVertexDistance: 0.5
  m_Autodestruct: 1
  m_Emitting: 1
--- !u!114 &2187778126143535394
MonoBehaviour:
  m_ObjectHideFlags: 0
  m_CorrespondingSourceObject: {fileID: 0}
  m_PrefabInstance: {fileID: 0}
  m_PrefabAsset: {fileID: 0}
  m_GameObject: {fileID: 7169821573170801254}
  m_Enabled: 1
  m_EditorHideFlags: 0
  m_Script: {fileID: 11500000, guid: 959fdf3b771612a419f9c2d5f2c62857, type: 3}
  m_Name: 
  m_EditorClassIdentifier: 
  baseColor: {r: 16.865593, g: 21.622555, b: 27.53272, a: 1}
--- !u!1001 &1112579052307847222
PrefabInstance:
  m_ObjectHideFlags: 0
  serializedVersion: 2
  m_Modification:
    m_TransformParent: {fileID: 7169821573170801255}
    m_Modifications:
    - target: {fileID: 4634585035219189764, guid: 0f9bdd2a234194941947d97946efa949, type: 3}
      propertyPath: m_RootOrder
      value: 1
      objectReference: {fileID: 0}
    - target: {fileID: 4634585035219189764, guid: 0f9bdd2a234194941947d97946efa949, type: 3}
      propertyPath: m_LocalPosition.x
      value: 0
      objectReference: {fileID: 0}
    - target: {fileID: 4634585035219189764, guid: 0f9bdd2a234194941947d97946efa949, type: 3}
      propertyPath: m_LocalPosition.y
      value: 0
      objectReference: {fileID: 0}
    - target: {fileID: 4634585035219189764, guid: 0f9bdd2a234194941947d97946efa949, type: 3}
      propertyPath: m_LocalPosition.z
      value: 0
      objectReference: {fileID: 0}
    - target: {fileID: 4634585035219189764, guid: 0f9bdd2a234194941947d97946efa949, type: 3}
      propertyPath: m_LocalRotation.w
      value: 1
      objectReference: {fileID: 0}
    - target: {fileID: 4634585035219189764, guid: 0f9bdd2a234194941947d97946efa949, type: 3}
      propertyPath: m_LocalRotation.x
      value: 0
      objectReference: {fileID: 0}
    - target: {fileID: 4634585035219189764, guid: 0f9bdd2a234194941947d97946efa949, type: 3}
      propertyPath: m_LocalRotation.y
      value: 0
      objectReference: {fileID: 0}
    - target: {fileID: 4634585035219189764, guid: 0f9bdd2a234194941947d97946efa949, type: 3}
      propertyPath: m_LocalRotation.z
      value: 0
      objectReference: {fileID: 0}
    - target: {fileID: 4634585035219189764, guid: 0f9bdd2a234194941947d97946efa949, type: 3}
      propertyPath: m_LocalEulerAnglesHint.x
      value: -90
      objectReference: {fileID: 0}
    - target: {fileID: 4634585035219189764, guid: 0f9bdd2a234194941947d97946efa949, type: 3}
      propertyPath: m_LocalEulerAnglesHint.y
      value: 0
      objectReference: {fileID: 0}
    - target: {fileID: 4634585035219189764, guid: 0f9bdd2a234194941947d97946efa949, type: 3}
      propertyPath: m_LocalEulerAnglesHint.z
      value: 0
      objectReference: {fileID: 0}
    - target: {fileID: 4634585035219189767, guid: 0f9bdd2a234194941947d97946efa949, type: 3}
      propertyPath: m_Name
      value: ParticleTrailEffect (1)
      objectReference: {fileID: 0}
    - target: {fileID: 4634585035219189767, guid: 0f9bdd2a234194941947d97946efa949, type: 3}
      propertyPath: m_IsActive
      value: 0
      objectReference: {fileID: 0}
    m_RemovedComponents: []
  m_SourcePrefab: {fileID: 100100000, guid: 0f9bdd2a234194941947d97946efa949, type: 3}
--- !u!4 &5702109392540620850 stripped
Transform:
  m_CorrespondingSourceObject: {fileID: 4634585035219189764, guid: 0f9bdd2a234194941947d97946efa949, type: 3}
  m_PrefabInstance: {fileID: 1112579052307847222}
  m_PrefabAsset: {fileID: 0}
--- !u!1001 &3598860865933182790
PrefabInstance:
  m_ObjectHideFlags: 0
  serializedVersion: 2
  m_Modification:
    m_TransformParent: {fileID: 7169821573170801255}
    m_Modifications:
    - target: {fileID: 4634585035219189764, guid: 0f9bdd2a234194941947d97946efa949, type: 3}
      propertyPath: m_RootOrder
      value: 0
      objectReference: {fileID: 0}
    - target: {fileID: 4634585035219189764, guid: 0f9bdd2a234194941947d97946efa949, type: 3}
      propertyPath: m_LocalPosition.x
      value: 0
      objectReference: {fileID: 0}
    - target: {fileID: 4634585035219189764, guid: 0f9bdd2a234194941947d97946efa949, type: 3}
      propertyPath: m_LocalPosition.y
      value: 0
      objectReference: {fileID: 0}
    - target: {fileID: 4634585035219189764, guid: 0f9bdd2a234194941947d97946efa949, type: 3}
      propertyPath: m_LocalPosition.z
      value: 0
      objectReference: {fileID: 0}
    - target: {fileID: 4634585035219189764, guid: 0f9bdd2a234194941947d97946efa949, type: 3}
      propertyPath: m_LocalRotation.w
      value: 1
      objectReference: {fileID: 0}
    - target: {fileID: 4634585035219189764, guid: 0f9bdd2a234194941947d97946efa949, type: 3}
      propertyPath: m_LocalRotation.x
      value: 0
      objectReference: {fileID: 0}
    - target: {fileID: 4634585035219189764, guid: 0f9bdd2a234194941947d97946efa949, type: 3}
      propertyPath: m_LocalRotation.y
      value: 0
      objectReference: {fileID: 0}
    - target: {fileID: 4634585035219189764, guid: 0f9bdd2a234194941947d97946efa949, type: 3}
      propertyPath: m_LocalRotation.z
      value: 0
      objectReference: {fileID: 0}
    - target: {fileID: 4634585035219189764, guid: 0f9bdd2a234194941947d97946efa949, type: 3}
      propertyPath: m_LocalEulerAnglesHint.x
      value: -90
      objectReference: {fileID: 0}
    - target: {fileID: 4634585035219189764, guid: 0f9bdd2a234194941947d97946efa949, type: 3}
      propertyPath: m_LocalEulerAnglesHint.y
      value: 0
      objectReference: {fileID: 0}
    - target: {fileID: 4634585035219189764, guid: 0f9bdd2a234194941947d97946efa949, type: 3}
      propertyPath: m_LocalEulerAnglesHint.z
      value: 0
      objectReference: {fileID: 0}
    - target: {fileID: 4634585035219189767, guid: 0f9bdd2a234194941947d97946efa949, type: 3}
      propertyPath: m_Name
      value: ParticleTrailEffect
      objectReference: {fileID: 0}
    - target: {fileID: 4634585035219189767, guid: 0f9bdd2a234194941947d97946efa949, type: 3}
      propertyPath: m_IsActive
      value: 0
      objectReference: {fileID: 0}
    m_RemovedComponents: []
  m_SourcePrefab: {fileID: 100100000, guid: 0f9bdd2a234194941947d97946efa949, type: 3}
--- !u!4 &8187793071876097858 stripped
Transform:
  m_CorrespondingSourceObject: {fileID: 4634585035219189764, guid: 0f9bdd2a234194941947d97946efa949, type: 3}
  m_PrefabInstance: {fileID: 3598860865933182790}
  m_PrefabAsset: {fileID: 0}
--- !u!1001 &3935621253052028622
PrefabInstance:
  m_ObjectHideFlags: 0
  serializedVersion: 2
  m_Modification:
    m_TransformParent: {fileID: 7169821573170801255}
    m_Modifications:
    - target: {fileID: 4634585035219189764, guid: 0f9bdd2a234194941947d97946efa949, type: 3}
      propertyPath: m_RootOrder
      value: 2
      objectReference: {fileID: 0}
    - target: {fileID: 4634585035219189764, guid: 0f9bdd2a234194941947d97946efa949, type: 3}
      propertyPath: m_LocalPosition.x
      value: 0
      objectReference: {fileID: 0}
    - target: {fileID: 4634585035219189764, guid: 0f9bdd2a234194941947d97946efa949, type: 3}
      propertyPath: m_LocalPosition.y
      value: 0
      objectReference: {fileID: 0}
    - target: {fileID: 4634585035219189764, guid: 0f9bdd2a234194941947d97946efa949, type: 3}
      propertyPath: m_LocalPosition.z
      value: 0
      objectReference: {fileID: 0}
    - target: {fileID: 4634585035219189764, guid: 0f9bdd2a234194941947d97946efa949, type: 3}
      propertyPath: m_LocalRotation.w
      value: 1
      objectReference: {fileID: 0}
    - target: {fileID: 4634585035219189764, guid: 0f9bdd2a234194941947d97946efa949, type: 3}
      propertyPath: m_LocalRotation.x
      value: 0
      objectReference: {fileID: 0}
    - target: {fileID: 4634585035219189764, guid: 0f9bdd2a234194941947d97946efa949, type: 3}
      propertyPath: m_LocalRotation.y
      value: 0
      objectReference: {fileID: 0}
    - target: {fileID: 4634585035219189764, guid: 0f9bdd2a234194941947d97946efa949, type: 3}
      propertyPath: m_LocalRotation.z
      value: 0
      objectReference: {fileID: 0}
    - target: {fileID: 4634585035219189764, guid: 0f9bdd2a234194941947d97946efa949, type: 3}
      propertyPath: m_LocalEulerAnglesHint.x
      value: -90
      objectReference: {fileID: 0}
    - target: {fileID: 4634585035219189764, guid: 0f9bdd2a234194941947d97946efa949, type: 3}
      propertyPath: m_LocalEulerAnglesHint.y
      value: 0
      objectReference: {fileID: 0}
    - target: {fileID: 4634585035219189764, guid: 0f9bdd2a234194941947d97946efa949, type: 3}
      propertyPath: m_LocalEulerAnglesHint.z
      value: 0
      objectReference: {fileID: 0}
    - target: {fileID: 4634585035219189767, guid: 0f9bdd2a234194941947d97946efa949, type: 3}
      propertyPath: m_Name
      value: ParticleTrailEffect (2)
      objectReference: {fileID: 0}
    - target: {fileID: 4634585035219189767, guid: 0f9bdd2a234194941947d97946efa949, type: 3}
      propertyPath: m_IsActive
      value: 0
      objectReference: {fileID: 0}
    m_RemovedComponents: []
  m_SourcePrefab: {fileID: 100100000, guid: 0f9bdd2a234194941947d97946efa949, type: 3}
--- !u!4 &8561193518426494666 stripped
Transform:
  m_CorrespondingSourceObject: {fileID: 4634585035219189764, guid: 0f9bdd2a234194941947d97946efa949, type: 3}
  m_PrefabInstance: {fileID: 3935621253052028622}
  m_PrefabAsset: {fileID: 0}
